@article{gs78,
    author  = "Leo J. Guibas and Robert Sedgewick",
    title   = "A dichromatic framework for balanced trees",
    journal = "IEE Symposium of Foundations of Computer Science",
    pages   = "8--21",
    year    = "1978"
}

@book{oka98,
    author    = "Chris Okasaki",
    title     = "Purely Functional Data Structures",
    year      = "1998",
    publisher = "Cambridge University Press"
}

@book{clr90,
    author    = "Cormen, T. H. and Leiserson, C. E. and Rivest, R. L.",
    title     = "Introduction to algorithms",
    year      = "1990",
    publisher = "MIT Press"
}

//@misc{wikipedia,
    //author    = "Wikipedia contributors",
    //title     = "Red-black tree",
    //url       = "https://en.wikipedia.org/wiki/Red-black_tree"
//}
