@article{tar85,
    author  = "Robert E. Tarjan",
    title   = "Amortized computational complexity",
    journal = "SIAM Journal on Algebraic and Discrete Methods",
    volume  = "6",
    pages   = "306--318",
    month   = "April",
    year    = "1985"
}
@article{dsst89,
    author  = "James R. Driscoll and Neil Sarnak and Daniel D. K. Sleator and Robert E. Tarjan",
    title   = "Making data structures persistent",
    journal = "Journal of Computer and System Sciences",
    volume  = "38",
    pages   = "86--124",
    month   = "February",
    year    = "1989"
}

@book{oka98,
    author    = "Chris Okasaki",
    title     = "Purely Functional Data Structures",
    year      = "1998",
    publisher = "Cambridge University Press"
}

//@misc{wikipedia,
    //author    = "cabal",
    //title     = "Red-black tree",
    //url       = "https://en.wikipedia.org/wiki/Red-black_tree"
//}
